<record xmlns="http://www.loc.gov/MARC21/slim" xmlns:xsi="http://www.w3.org/2001/XMLSchema-instance" xsi:schemaLocation="http://www.loc.gov/MARC21/slim http://www.loc.gov/standards/marcxml/schema/MARC21slim.xsd">

  <leader>00655nam a2200181Ia 4500</leader>
  <datafield tag="999" ind2=" " ind1=" ">
    <subfield code="c">512</subfield>
    <subfield code="d">512</subfield>
  </datafield>
  <controlfield tag="008">170110b2009    ve ||||| |||| 00| | spa d</controlfield>
  <datafield ind2=" " ind1=" " tag="020">
    <subfield code="a">9789801235828</subfield>
  </datafield>
  <datafield tag="090" ind1=" " ind2=" ">
    <subfield code="a">06.03.04 </subfield>
    <subfield code="b">1254</subfield>
  </datafield>
  <datafield ind2=" " ind1="1" tag="100">
    <subfield code="a">Manterola, Carlos</subfield>
    <subfield code="9">2223</subfield>
  </datafield>
  <datafield ind1="1" ind2="3" tag="245">
    <subfield code="a">La enseñanza desde la participación de los actores.  Hacia una escuela innovadora / </subfield>
    <subfield code="c">Carlos Manterola y Gilberto Graffe, editores</subfield>
  </datafield>
  <datafield ind1=" " ind2=" " tag="260">
    <subfield code="a">Caracas, Venezuela : </subfield>
    <subfield code="b">Centro de Investigaciones EducatiVas (CIES),</subfield>
    <subfield code="c">2009</subfield>
  </datafield>
  <datafield ind2=" " ind1=" " tag="300">
    <subfield code="a">216 páginas</subfield>
  </datafield>
  <datafield tag="650" ind2="4" ind1="1">
    <subfield code="a">EDUCACION BASICA</subfield>
    <subfield code="9">2224</subfield>
  </datafield>
  <datafield tag="650" ind1="1" ind2="4">
    <subfield code="a">GESTIÓN EDUCATIVA</subfield>
    <subfield code="9">1089</subfield>
  </datafield>
  <datafield tag="651" ind1="0" ind2="4">
    <subfield code="9">2225</subfield>
    <subfield code="a">VENEZUELA</subfield>
  </datafield>
  <datafield tag="700" ind1="1" ind2=" ">
    <subfield code="a">Graffe, Gilberto</subfield>
    <subfield code="9">2226</subfield>
    <subfield code="e">editor</subfield>
  </datafield>
  <datafield ind1=" " ind2=" " tag="942">
    <subfield code="2">z</subfield>
    <subfield code="c">01</subfield>
  </datafield>
</record>